@online{mu,
author ="National Institute of Standards and Technology",
url = "https://physics.nist.gov/PhysRefData/Xcom/html/xcom1.html",
note = "Besucht am 11.12.20"}

@online{rho,
author ="Chemie Lexikon",
url = "https://www.chemie.de/lexikon",
note = "Besucht am 11.12.20"}


