@manual{Finke,
    author = "S. Finke",
    title = "Messung von Diffusionskonstanten mittels gepulster Kernspinresonanz",
    year = "2019",
}

@article{chang,
    author = "Chang, D. C. and Hazlewood, C. F. and
Nichols, B. L. and Rorschach, H. E.",
    title = "Spin Echo Studies on Cellular Water",
    year = "1972",
    doi = "10.1038/235170a0",
    journal = "Nature",
    pages        = "170-171",
    version      = "235",
}