@manual{skript,
  author = {TU Dortmund},
  title = {Versuchsanleitung V48 Dipolrelaxation in Ionenkristallen}
}
@online{lit,
author = "R. Muccillo, J. Rolfe",
title = "Effect of Irradiation on Impurityâ€“Vacancy Dipoles in KBr Crystals Doped with Strontium(abstract)",
journal = "physica status solidi (b)",
date = "1974-02-01",
url = "http://onlinelibrary.wiley.com/doi/10.1002/pssb.2220610223/abstract"
}
@online{GN5,
    title = "Goodnotes 5",
    url = "https://www.goodnotes.com",
    urldate = "2020-12-23"
}