@manual{anleitung,
  author = {TU Dortmund},
  title = {Diode Laser physics},
  year = {2021},
}

@online{sanyo,
  url = {http://www.optima-optics.com/pdf/DL7140S.PDF},
  urldate= {2021-01-12},
  }

@book{demtroeder,
  title     = "Laserspektroskopie 1",
  author    = "Wolfgang Demtröder",
  year      = "2011",
  publisher = "Springer-Verlag",
}

@book{eichler,
title     = "Laser",
author    = "Hans Joachim Eichler, Jürgen Eichler",
year      = "2015",
publisher = "Springer-Verlag",
}